<record xmlns="http://www.loc.gov/MARC21/slim" xmlns:xsi="http://www.w3.org/2001/XMLSchema-instance" xsi:schemaLocation="http://www.loc.gov/MARC21/slim http://www.loc.gov/standards/marcxml/schema/MARC21slim.xsd"><leader>     nam a22        4500</leader><controlfield tag="001">4905795</controlfield><controlfield tag="003">NNC</controlfield><controlfield tag="006">m        d        </controlfield><controlfield tag="007">cr cn |||m|||a</controlfield><controlfield tag="008">150601s1885    le      o     000 0 ara d</controlfield><datafield ind1=" " ind2=" " tag="040"><subfield code="a">NNU</subfield><subfield code="b">eng</subfield><subfield code="e">rda</subfield><subfield code="c">NNU</subfield></datafield><datafield ind1=" " ind2=" " tag="043"><subfield code="a">a-sy---</subfield><subfield code="a">a-le---</subfield></datafield><datafield ind1=" " ind2="4" tag="050"><subfield code="a">ML2951</subfield><subfield code="b">.S97 1885</subfield></datafield><datafield ind1="0" ind2=" " tag="130"><subfield code="6">880-01</subfield><subfield code="a">Maza&#772;mi&#772;r wa-tasa&#772;bi&#772;h&#803; wa-agha&#772;ni&#772; ru&#772;h&#803;i&#772;yah mu&#772;qa&#699;ah &#699;ala&#769; alh&#803;a&#772;n muwa&#772;fiqah.</subfield></datafield><datafield ind1="0" ind2="0" tag="245"><subfield code="6">880-02</subfield><subfield code="a">Kita&#772;b Maza&#772;mi&#772;r wa-tasa&#772;bi&#772;h&#803; wa-agha&#772;ni&#772; ru&#772;h&#803;i&#772;yah mu&#772;qa&#699;ah &#699;ala&#769; alh&#803;a&#772;n muwa&#772;fiqah.</subfield></datafield><datafield ind1=" " ind2=" " tag="260"><subfield code="6">880-03</subfield><subfield code="a">Bayru&#772;t :</subfield><subfield code="b">[publisher not identified],</subfield><subfield code="c">1885.</subfield></datafield><datafield ind1=" " ind2=" " tag="300"><subfield code="a">online resource (328 pages)</subfield></datafield><datafield ind1=" " ind2=" " tag="336"><subfield code="a">text</subfield><subfield code="2">rdacontent</subfield></datafield><datafield ind1=" " ind2=" " tag="337"><subfield code="a">computer</subfield><subfield code="2">rdamedia</subfield></datafield><datafield ind1=" " ind2=" " tag="338"><subfield code="a">online resource</subfield><subfield code="2">rdacarrier</subfield></datafield><datafield ind1=" " ind2=" " tag="500"><subfield code="a">A metrical version of the Psalms, followed by hymns and spiritual songs, for the use of the American Mission Church at Beirut.</subfield></datafield><datafield ind1=" " ind2=" " tag="500"><subfield code="a">Part of the Arabic Collections Online (ACO) project, contributed by Columbia University Libraries.</subfield></datafield><datafield ind1=" " ind2=" " tag="533"><subfield code="a">Electronic reproduction.</subfield><subfield code="b">New York, N.Y. :</subfield><subfield code="c">New York University,</subfield><subfield code="d">2015.</subfield><subfield code="5">NNU</subfield></datafield><datafield ind1=" " ind2="0" tag="650"><subfield code="a">Church music</subfield><subfield code="z">Syria.</subfield></datafield><datafield ind1=" " ind2="0" tag="650"><subfield code="a">Church music</subfield><subfield code="z">Lebanon.</subfield></datafield><datafield ind1=" " ind2="7" tag="650"><subfield code="a">Church music.</subfield><subfield code="2">fast</subfield><subfield code="0">(OCoLC)fst00860809</subfield></datafield><datafield ind1=" " ind2="7" tag="651"><subfield code="a">Lebanon.</subfield><subfield code="2">fast</subfield><subfield code="0">(OCoLC)fst01206063</subfield></datafield><datafield ind1=" " ind2="7" tag="651"><subfield code="a">Syria.</subfield><subfield code="2">fast</subfield><subfield code="0">(OCoLC)fst01208757</subfield></datafield><datafield ind1="1" ind2=" " tag="700"><subfield code="6">880-04</subfield><subfield code="a">Jasab, Samu&#699;il.</subfield></datafield><datafield ind1="1" ind2=" " tag="700"><subfield code="6">880-05</subfield><subfield code="a">Fu&#772;rd, Ju&#772;rj.</subfield></datafield><datafield ind1="2" ind2=" " tag="710"><subfield code="a">Columbia University.</subfield><subfield code="b">Libraries.</subfield></datafield><datafield ind1="0" ind2=" " tag="730"><subfield code="a">Arabic Collections Online.</subfield></datafield><datafield ind1="0" ind2="8" tag="776"><subfield code="i">Print version:</subfield><subfield code="t">Kita&#772;b Maza&#772;mi&#772;r wa-tasa&#772;bi&#772;h&#803; wa-agha&#772;ni&#772; ru&#772;h&#803;i&#772;yah mu&#772;qa&#699;ah &#699;ala&#769; alh&#803;a&#772;n muwa&#772;fiqah</subfield><subfield code="w">(NNC)4905795</subfield><subfield code="w">(OCoLC)57024418</subfield></datafield><datafield ind1="4" ind2="0" tag="856"><subfield code="u">http://hdl.handle.net/2333.1/mpg4f74n</subfield></datafield><datafield ind1="0" ind2=" " tag="880"><subfield code="6">130-01/r</subfield><subfield code="a">&#1605;&#1586;&#1575;&#1605;&#1610;&#1585; &#1608;&#1578;&#1587;&#1575;&#1576;&#1610;&#1581; &#1608;&#1575;&#1594;&#1575;&#1606;&#1610; &#1585;&#1608;&#1581;&#1610;&#1577; &#1605;&#1608;&#1602;&#1593;&#1577; &#1593;&#1604;&#1609; &#1575;&#1604;&#1581;&#1575;&#1606; &#1605;&#1608;&#1575;&#1601;&#1602;&#1577;.</subfield></datafield><datafield ind1="0" ind2="0" tag="880"><subfield code="6">245-02/r</subfield><subfield code="a">&#1603;&#1578;&#1575;&#1576; &#1605;&#1586;&#1575;&#1605;&#1610;&#1585; &#1608;&#1578;&#1587;&#1575;&#1576;&#1610;&#1581; &#1608;&#1575;&#1594;&#1575;&#1606;&#1610; &#1585;&#1608;&#1581;&#1610;&#1577; &#1605;&#1608;&#1602;&#1593;&#1577; &#1593;&#1604;&#1609; &#1575;&#1604;&#1581;&#1575;&#1606; &#1605;&#1608;&#1575;&#1601;&#1602;&#1577;.</subfield></datafield><datafield ind1=" " ind2=" " tag="880"><subfield code="6">260-03/r</subfield><subfield code="a">&#1576;&#1610;&#1585;&#1608;&#1578; :</subfield><subfield code="b"> [publisher not identified],</subfield><subfield code="c">1885.</subfield></datafield><datafield ind1="1" ind2=" " tag="880"><subfield code="6">700-04/r</subfield><subfield code="a">&#1580;&#1587;&#1576;&#1548; &#1589;&#1605;&#1608;&#1574;&#1610;&#1604;.</subfield></datafield><datafield ind1="1" ind2=" " tag="880"><subfield code="6">700-05/r</subfield><subfield code="a">&#1601;&#1608;&#1585;&#1583;&#1548; &#1580;&#1608;&#1585;&#1580;.</subfield></datafield><datafield ind1=" " ind2=" " tag="959"><subfield code="a">NNU</subfield><subfield code="b">WEB</subfield><subfield code="c">GENI</subfield><subfield code="t">0</subfield><subfield code="m">Electronic access</subfield><subfield code="s">01</subfield></datafield><datafield ind1=" " ind2=" " tag="999"><subfield code="i">NNC_4905795</subfield><subfield code="o">(OCoLC)ocm57024418</subfield><subfield code="s">columbia_aco000421</subfield><subfield code="e">(ERROR-880)</subfield><subfield code="s">columbia_aco000421</subfield></datafield></record>